<?xml version="1.0" encoding="UTF-8"?><collection xmlns="http://www.loc.gov/MARC21/slim"><record><leader>00408nam--2200145-i-4500</leader><controlfield tag="001">000002384</controlfield><controlfield tag="002">20161230</controlfield><controlfield tag="005">20161230201025</controlfield><controlfield tag="008">060222s1000------------r-----000-0-eng-d</controlfield><datafield ind1=" " ind2=" " tag="080"><subfield code="a">530.145:537.8</subfield></datafield><datafield ind1=" " ind2=" " tag="100"><subfield code="a">Feynman, R. P</subfield></datafield><datafield ind1=" " ind2=" " tag="245"><subfield code="a">Quantum electrodynamics. a lecture note and reprint volume</subfield></datafield><datafield ind1=" " ind2=" " tag="260"><subfield code="a">New York, W. A. Benjamin, Inc., 1961. Ix + 198 P</subfield></datafield><datafield ind1=" " ind2=" " tag="490"><subfield code="a">Frontiers In Physics</subfield></datafield><datafield ind1=" " ind2=" " tag="852"><subfield code="a">17490</subfield></datafield></record></collection>